@article{o2017concise,
  title={Concise planning and filtering: hardness and algorithms},
  author={O'Kane, Jason M and Shell, Dylan A},
  journal={IEEE Transactions on Automation Science and Engineering},
  volume={14},
  number={4},
  pages={1666--1681},
  year={2017},
  publisher={IEEE}
}

@article{OkaLav07b,
  author={J. M. O'Kane and S. M. LaValle},
  title={On Comparing the Power of Robots},
  journal = {International Journal of Robotics Research},
  volume = {27}, 
  number = {1},
  pages = {5-23},
  year = {2008}
}

@inproceedings{blum1978power,
  title={On the power of the compass (or, why mazes are easier to search than
graphs)},
  author={Blum, Manuel and Kozen, Dexter},
  booktitle={Proc. Annual Symposium on Foundations of Computer Science},
  year={1978},
}

@article{donald1995information,
  title={On information invariants in robotics},
  author={Donald, Bruce Randall},
  journal={Artificial Intelligence},
  volume={72},
  number={1-2},
  pages={217--304},
  year={1995},
  publisher={Elsevier}
}
